<record><leader>00000cas a22000007a 4500</leader><controlfield tag="001">12925516</controlfield><controlfield tag="008">851217d19081974wiuwr ne      0    0eng d</controlfield><datafield ind1=" " ind2=" " tag="010"><subfield code="a">sn 85041597 </subfield></datafield><datafield ind1=" " ind2=" " tag="040"><subfield code="a">NPV</subfield><subfield code="b">eng</subfield><subfield code="c">NPV</subfield><subfield code="d">OCLCQ</subfield></datafield><datafield ind1=" " ind2=" " tag="042"><subfield code="a">msc</subfield></datafield><datafield ind1=" " ind2=" " tag="045"><subfield code="a">x0x7</subfield></datafield><datafield ind1=" " ind2=" " tag="052"><subfield code="a">4123</subfield><subfield code="b">R6</subfield></datafield><datafield ind1="0" ind2="4" tag="245"><subfield code="a">The Orfordville journal.</subfield></datafield><datafield ind1="1" ind2="3" tag="246"><subfield code="a">Footville news</subfield></datafield><datafield ind1="1" ind2="7" tag="246"><subfield code="a">Journal and news</subfield></datafield><datafield ind1="1" ind2="7" tag="246"><subfield code="a">Orfordville journal and Footville news</subfield></datafield><datafield ind1=" " ind2=" " tag="260"><subfield code="a">Orfordville, Rock County, Wis. :</subfield><subfield code="b">S.H. Graves,</subfield><subfield code="c">1908-1974.</subfield></datafield><datafield ind1=" " ind2=" " tag="300"><subfield code="a">72 v. :</subfield><subfield code="b">ill.</subfield></datafield><datafield ind1=" " ind2=" " tag="310"><subfield code="a">Weekly</subfield></datafield><datafield ind1="0" ind2=" " tag="362"><subfield code="a">Vol. 1 no. 1 (Dec. 17, 1908)-v. 72, no. 37 (May 22, 1974).</subfield></datafield><datafield ind1=" " ind2=" " tag="500"><subfield code="a">Added masthead: Footville news, June 6, 1923-May 22, 1974.</subfield></datafield><datafield ind1=" " ind2=" " tag="500"><subfield code="a">Publisher varies.</subfield></datafield><datafield ind1=" " ind2=" " tag="500"><subfield code="a">Editors: S.H. Graves, &lt;Dec. 17, 1908&gt;; G.W. Myers, &lt;June 16, 1909&gt;; H. Hendrickson, &lt;Nov. 16, 1911&gt;; W.A. Stewart, Jan. 4, 1928-Feb. 4, 1948; G.E. Stewart, Sept. 10, 1958-May 30, 1962; R. Stewart, June 6, 1962-Feb. 13, 1974.</subfield></datafield><datafield ind1=" " ind2=" " tag="525"><subfield code="a">Supplements accompany some issues.</subfield></datafield><datafield ind1=" " ind2=" " tag="530"><subfield code="a">Available on microfilm from The State Historical Society of Wisconsin.</subfield></datafield><datafield ind1=" " ind2=" " tag="752"><subfield code="a">United States</subfield><subfield code="b">Wisconsin</subfield><subfield code="c">Rock</subfield><subfield code="d">Orfordville.</subfield></datafield><datafield ind1=" " ind2=" " tag="752"><subfield code="a">United States</subfield><subfield code="b">Wisconsin</subfield><subfield code="c">Rock</subfield><subfield code="d">Footville.</subfield></datafield><datafield ind1="0" ind2="0" tag="785"><subfield code="t">Orfordville journal and Footville news</subfield><subfield code="w">(DLC)sn 85041598</subfield></datafield><datafield ind1="1" ind2=" " tag="029"><subfield code="a">AU@</subfield><subfield code="b">000025816718</subfield></datafield></record>